<?xml version="1.0" encoding="UTF-8"?><collection xmlns="http://www.loc.gov/MARC21/slim"><record><leader>00515nam--2200181-i-4500</leader><controlfield tag="001">000024002</controlfield><controlfield tag="002">20161230</controlfield><controlfield tag="005">20161230201035</controlfield><controlfield tag="008">060222s1000------------r-----000-0-eng-d</controlfield><datafield ind1=" " ind2=" " tag="040"><subfield code="a">IFIN-HH</subfield></datafield><datafield ind1=" " ind2=" " tag="080"><subfield code="a">432.783(035.5):548</subfield></datafield><datafield ind1="1" ind2=" " tag="100"><subfield code="a">Kelker, Hans</subfield></datafield><datafield ind1="1" ind2="0" tag="245"><subfield code="a">Handbook of liquid crystals</subfield><subfield code="b">With a contribution by christian scumann</subfield><subfield code="c">Hans Kelker, Rolf Hatz</subfield></datafield><datafield ind1=" " ind2=" " tag="260"><subfield code="a">Weinheim, Verlag Chemie, 1980</subfield></datafield><datafield ind1=" " ind2=" " tag="300"><subfield code="a">XVIII + 917 P</subfield></datafield><datafield ind1="1" ind2=" " tag="700"><subfield code="a">Hatz, Rolf</subfield></datafield><datafield ind1=" " ind2=" " tag="852"><subfield code="a">48883</subfield><subfield code="c">532</subfield></datafield><datafield ind1=" " ind2=" " tag="CAT"><subfield code="a">Sys</subfield><subfield code="c">20100722</subfield><subfield code="h">114654</subfield></datafield></record></collection>